@ARTICLE{Luby93optimalspeedup,
 author = {Michael Luby and Alistair Sinclair and David Zuckerman},
 title = {Optimal Speedup of Las Vegas Algorithms},
 journal = {Information Processing Letters},
 year = {1993},
 volume = {47},
 pages = {173--180}
}

@inproceedings{HuangRestart2007,
 author = {Huang, Jinbo},
 title = {The effect of restarts on the efficiency of clause learning},
 booktitle = {Proceedings of the 20th International Joint Conference on Artificial Intelligence},
 series = {IJCAI'07},
 year = {2007},
 pages = {2318--2323},
 numpages = {6},
} 

@article{Jurkowiak2005,
 author = {Jurkowiak, Bernard and Li, Chu Min and Utard, Gil},
 title = {A Parallelization Scheme Based on Work Stealing for a Class of SAT Solvers},
 journal = {J. Autom. Reason.},
 issue_date = {January   2005},
 volume = {34},
 number = {1},
 month = jan,
 year = {2005},
 issn = {0168-7433},
 pages = {73--101},
 numpages = {29},
 url = {http://dx.doi.org/10.1007/s10817-005-1970-7},
 doi = {10.1007/s10817-005-1970-7},
 acmid = {1061521},
 publisher = {Springer-Verlag New York, Inc.},
 address = {Secaucus, NJ, USA},
 keywords = {SAT problem, automated theorem proving, parallelism},
} 

@INPROCEEDINGS{Lewis2007MiraXT, 
 author={Lewis, M. and Schubert, T. and Becker, B.}, 
 booktitle={Design Automation Conference, 2007. ASP-DAC '07. Asia and South Pacific}, title={Multithreaded SAT Solving}, 
 year={2007}, 
 month={jan.}, 
 volume={}, 
 number={}, 
 pages={926 -931}, 
 keywords={Business continuity;Computer science;Hardware;Manufacturing;Message passing;Multicore processing;Multiprocessing systems;Packaging;Sun;Yarn;computability;multi- threading;shared memory systems;multithreaded MiraXT SAT solver;shared memory multiprocessor systems;single threaded mode;}, 
 doi={10.1109/ASPDAC.2007.358108}, 
 ISSN={},
}

@inproceedings{Cook1971,
 author = {Cook, Stephen A.},
 title = {The complexity of theorem-proving procedures},
 booktitle = {Proceedings of the third annual ACM symposium on Theory of computing},
 series = {STOC '71},
 year = {1971},
 location = {Shaker Heights, Ohio, USA},
 pages = {151--158},
 numpages = {8},
 url = {http://doi.acm.org/10.1145/800157.805047},
 doi = {10.1145/800157.805047},
 acmid = {805047},
 publisher = {ACM},
 address = {New York, NY, USA},
}

@article{Davis1962,
 author = {Davis, Martin and Logemann, George and Loveland, Donald},
 title = {A machine program for theorem-proving},
 journal = {Commun. ACM},
 issue_date = {July 1962},
 volume = {5},
 number = {7},
 month = jul,
 year = {1962},
 issn = {0001-0782},
 pages = {394--397},
 numpages = {4},
 url = {http://doi.acm.org/10.1145/368273.368557},
 doi = {10.1145/368273.368557},
 acmid = {368557},
 publisher = {ACM},
 address = {New York, NY, USA},
}
 
@article{Blochinger2003,
 author = {Blochinger, Wolfgang and Sinz, Carsten and K\"{u}chlin, Wolfgang},
 title = {Parallel propositional satisfiability checking with distributed dynamic learning},
 journal = {Parallel Comput.},
 issue_date = {July 2003},
 volume = {29},
 number = {7},
 month = jul,
 year = {2003},
 issn = {0167-8191},
 pages = {969--994},
 numpages = {26},
 url = {http://dx.doi.org/10.1016/S0167-8191(03)00068-1},
 doi = {10.1016/S0167-8191(03)00068-1},
 acmid = {876779},
 publisher = {Elsevier Science Publishers B. V.},
 address = {Amsterdam, The Netherlands, The Netherlands},
 keywords = {distributed multithreading, parallel propositional satisfiability checking, parallel symbolic computation},
} 

@ARTICLE{PSATO,
 author = {Hantao Zhang and Maria Paola Bonacina and Jieh Hsiang},
 title = {PSATO: a Distributed Propositional Prover and Its Application to Quasigroup Problems},
 journal = {Journal of Symbolic Computation},
 year = {1996},
 volume = {21},
 pages = {543--560}
}

@INPROCEEDINGS{Selman95localsearch,
 author = {Bart Selman and Henry Kautz and Bram Cohen},
 title = {Local Search Strategies for Satisfiability Testing},
 booktitle = {DIMACS Series in Discrete Mathematics and Theoretical Computer Science},
 year = {1995},
 pages = {521--532},
 publisher = {}
}

@inproceedings{Selman1992,
 author = {Selman, Bart and Levesque, Hector and Mitchell, David},
 title = {A new method for solving hard satisfiability problems},
 booktitle = {Proceedings of the tenth national conference on Artificial intelligence},
 series = {AAAI'92},
 year = {1992},
 isbn = {0-262-51063-4},
 location = {San Jose, California},
 pages = {440--446},
 numpages = {7},
 url = {http://dl.acm.org/citation.cfm?id=1867135.1867203},
 acmid = {1867203},
 publisher = {AAAI Press},
} 

@inproceedings{Hamadi,
 author = {Hamadi, Youssef and Jabbour, Said and Sais, Lakhdar},
 title = {{Control-Based Clause Sharing in Parallel SAT Solving}},
 booktitle = {Proceedings of the 21st International Joint Conference on Artifical Intelligence},
 series = {IJCAI'09},
 year = {2009},
 pages = {499--504},
} 

@misc{SATRace2008,
 author = {Carsten Sinz and Nina Amla and Toni Jussila and Daniel Le Berre and Panagiotis Manolios and Lintao Zhang and Himanshu Jain and Hendrik Post},
 title = {{SAT-Race 2008, held in conjunction with SAT 2008}},
 howpublished = "\url{http://baldur.iti.uka.de/sat-race-2008/index.html}",
 year = 2008,
}

@misc{ManySATWeb,
 title = {{ManySAT: a Parallel SAT Solver}},
 author = {Youssef Hamadi and Said Jabbour and Lakhdar Sais},
 howpublished = "\url{http://www.cril.univ-artois.fr/~jabbour/manysat.htm}",
 year = 2012,
}

@misc{MiniSATWeb,
 title = {{MiniSAT 2.2}},
 howpublished = "\url{http://www.minisat.se/}",
 year = 2012,
}
@misc{MPICH2,
 title = {{ MPICH2 }},
 howpublished = "\url{http://www.mpich.org/}",
 year = 2012,
}
 
@inproceedings{Silva1997GRASP,
 author = {Silva, Jo\~{a}o P. Marques and Sakallah, Karem A.},
 title = {GRASP---a new search algorithm for satisfiability},
 booktitle = {Proceedings of the 1996 IEEE/ACM international conference on Computer-aided design},
 series = {ICCAD '96},
 year = {1996},
 isbn = {0-8186-7597-7},
 location = {San Jose, California, USA},
 pages = {220--227},
 numpages = {8},
 url = {http://dl.acm.org/citation.cfm?id=244522.244560},
 acmid = {244560},
 publisher = {IEEE Computer Society},
 address = {Washington, DC, USA},
 keywords = {Propositional Satisfiability, Search Algorithms, Backtracking, Non-chronological Backtracking, Automatic Test Pattern Generation, Electronic Design Automation.},
} 

@inproceedings{Moskewicz2001Chaff,
 author = {Moskewicz, Matthew W. and Madigan, Conor F. and Zhao, Ying and Zhang, Lintao and Malik, Sharad},
 title = {Chaff: engineering an efficient SAT solver},
 booktitle = {Proceedings of the 38th annual Design Automation Conference},
 series = {DAC '01},
 year = {2001},
 isbn = {1-58113-297-2},
 location = {Las Vegas, Nevada, USA},
 pages = {530--535},
 numpages = {6},
 url = {http://doi.acm.org/10.1145/378239.379017},
 doi = {10.1145/378239.379017},
 acmid = {379017},
 publisher = {ACM},
 address = {New York, NY, USA},
 keywords = {boolean satisfiability, design verification},
}
 
@techreport{Chrabakh03gradsat,
 author = {Wahid Chrabakh and Rich Wolski},
 title = {GrADSAT: A Parallel SAT Solver for the Grid},
 institution = {University of California Santa Barbara},
 year = {2003}
}

@techreport{PMiniSat,
 author = {G. Chu and P. J. Stuckey},
 title = {{Pminisat: A Parallelization of Minisat 2.0}},
 year = {2008},
 institution = {Sat-Race 2008, Solver Description},
}

@TECHREPORT{Zhang94sato,
 author = {Hantao Zhang and Mark E. Stickel},
 title = {Implementing the Davis-Putnam Algorithm by Tries},
 institution = {Artificial Intelligence Center, SRI International, Menlo Park, CA},
 year = {1994}
}

@ARTICLE{ManySAT,
 author = {Youssef Hamadi and Lakhdar Sais},
 title = {{ManySAT: A Parallel SAT Solver}},
 journal = {Journal On Satisfiability, Boolean Modeling and Computation (JSAT)},
 year = {2009},
 volume = {6}
}

@inproceedings{MiniSat,
 author={E\'{e}n, N. and S\"{o}rensson, N.}, 
 title = {{An Extensible SAT-solver}}, 
 booktitle={Proceedings of the 6th International Conference on the Theory and Applications of Satisfiability Testing},
 series={SAT 2003},
 pages="502-518",
 year = {2003},
}

@inproceedings{Forman02NagSat,
 author={Sean Forman and Alberto Maria Segre}, 
 title = {{NagSAT: A Randomized, Complete, Parallel Solver for 3-SAT}}, 
 booktitle={Proceedings of the 5th International Conference on the Theory and Applications of Satisfiability Testing},
 series={SAT 2002},
 year = {2002},
}

@INPROCEEDINGS{Bohm96,
 author = {Max B\"{o}hm and Ewald Speckenmeyer},
 title = {A Fast Parallel SAT-Solver - Efficient Workload Balancing},
 booktitle = {Annals of Mathematics and Artificial Intelligence},
 year = {1996},
 pages = {40--60}
}

@ARTICLE{Gil08Pmsat,
 author = {Luís Gil and Paulo Flores and Luís Miguel Silveira},
 title = {PMSat: a parallel version of minisat},
 journal = {Journal on Satisfiability, Boolean Modeling and Computation},
 year = {2008},
}


