@article{SATNP,
    title = {The complexity of theorem-proving procedures},
    author = {Stephen A. Cook},
    booktitle = {ACM Symposium on Theory of Computing (STOC)},
    year = 1971,
}

@article{DPLL,
    title={A machine program for theoremproving},
    author = {Martin Davis, George Logemann, and Donald Loveland},
    journal = {Communications of the ACM},
    volume = {5},
    pages = {394-397},
    year = 1962,
}

@article{Blochinger,
    title={Parallel propositional satisﬁability checking with distributed dynamic learning.},
    author = {W. Blochinger, C. Sinz, and W. K¨uchlin},
    journal = {Parallel Computing},
    volume = {29},
    pages = {969–994},
    year = 2003,
}

@article{PSATO,
    title = {},
    author = {H. Zhang, M. P. Bonacina, and J. Hsiang},
    journal = {Journal of Symbolic Computation},
    volume = {21},
    pages = {543-560},
    year = 1996,
}
@article{WalkSAT,
    title = {Local Search Strategies for Satisfiability Testing.},
    author = {Bart Selman, Henry Kautz, and Bram Cohen.},
    booktitle = {Cliques, Coloring, and Satisfiability: Second DIMACS Implementation Challenge},
    year = 1993,
}

@misc{SATRace2008,
    author = {Carsten Sinz and Nina Amla and Toni Jussila and Daniel Le Berre and Panagiotis Manolios and Lintao Zhang and Himanshu Jain and Hendrik Post},
    title = {{SAT-Race 2008, held in conjunction with SAT 2008}},
    howpublished = "\url{http://baldur.iti.uka.de/sat-race-2008/index.html}",
    year = 2008,
}

@misc{ManySATWeb,
    title = {ManySAT: a Parallel SAT Solver},
    author = {Youssef Hamadi and Said Jabbour and Lakhdar Sais},
    howpublished = "\url{http://www.cril.univ-artois.fr/~jabbour/manysat.htm}",
    year = 2012,
}
 
@inproceedings{GRASP,
    author = {Silva, Jo\~{a}o P. Marques and Sakallah, Karem A.},
    title = {{GRASP: A New Search Algorithm for Satisfiability}},
    booktitle = {{Proceedings of the 1996 IEEE/ACM International Conference on Computer-Aided Design}},
    series = {ICCAD '96},
    year = {1996},
    pages = {220--227},
}

@inproceedings{CHAFF,
    author = {M. W. Moskewicz, C. F. Madigan, Y. Zhao, L. Zhang, and S. Malik},
    title = {Chaﬀ: Engineering an eﬃcient SAT solver},
    booktitle = {Proceedings of the 38th Design Automation Conference},
    series = {DAC'01},
    year = {2001},
    pages = {530-535},
}

@techreport{GRADSAT,
    author = {W. Chrabakh and R. Wolski},
    title = {GrADSAT: A parallel sat solver for the grid},
    institution = {UCSB}
    year = {2003},
}

@techreport{SATO,
    author = {H. Zhang and M. E. Stickel},
    title = {Implementing the davis-putnam algorithm by tries},
    institution = {Artiﬁcial Intelligence Center, SRI International, Menlo},
    year = {1994},
}

@ARTICLE{ManySAT,
    author = {Youssef Hamadi and Lakhdar Sais},
    title = {{ManySAT: A Parallel SAT Solver}},
    journal = {Journal On Satisfiability, Boolean Modeling and Computation (JSAT)},
    year = {2009},
    volume = {6}
}

